@article{duval2002metadata,
  title={Metadata principles and practicalities},
  author={Duval, Erik and Hodgins, Wayne and Sutton, Stuart and Weibel, Stuart L},
  journal={D-lib Magazine},
  volume={8},
  number={4},
  pages={16},
  year={2002}
}

@article{pagael2014mlp,
  title={Mathematical Language Processing Project},
  author={Pagael, Rober and Schubotz, Moritz},
  journal={arXiv preprint arXiv:1407.0167},
  year={2014}
}

@article{kristianto2014extracting,
  title={Extracting Textual Descriptions of Mathematical Expressions in Scientific Papers},
  author={Kristianto, Giovanni Yoko and Aizawa, Akiko and others},
  journal={D-Lib Magazine},
  volume={20},
  number={11},
  pages={9},
  year={2014},
  publisher={Corporation for National Research Initiatives}
}

@inproceedings{grigore2009towards,
  title={Towards context-based disambiguation of mathematical expressions},
  author={Grigore, Mihai and Wolska, Magdalena and Kohlhase, Michael},
  booktitle={The Joint Conference of ASCM},
  pages={262--271},
  year={2009}
}

@inproceedings{yokoi2011contextual,
  title={Contextual analysis of mathematical expressions for advanced mathematical search},
  author={Yokoi, Keisuke and Nghiem, Minh-Quoc and Matsubayashi, Yuichiroh and Aizawa, Akiko},
  booktitle={Prof. of 12th International Conference on Intelligent Text Processing and Comptational Linguistics (CICLing 2011), Tokyo, Japan, February},
  pages={20--26},
  year={2011}
}

@inproceedings{ma2010feature,
  title={Feature extraction and clustering-based retrieval for mathematical formulas},
  author={Ma, Kai and Hui, Siu Cheung and Chang, Kuiyu},
  booktitle={Software Engineering and Data Mining (SEDM), 2010 2nd International Conference on},
  pages={372--377},
  year={2010},
  organization={IEEE}
}

@inproceedings{kristianto2012extracting,
  title={Extracting definitions of mathematical expressions in scientific papers},
  author={Kristianto, Giovanni Yoko and Ngiem, MQ and Matsubayashi, Yuichiroh and Aizawa, Akiko},
  booktitle={Proc. of the 26th Annual Conference of JSAI},
  year={2012}
}

@incollection{schoneberg2014pos,
  title={POS Tagging and its Applications for Mathematics},
  author={Sch{\"o}neberg, Ulf and Sperber, Wolfram},
  booktitle={Intelligent Computer Mathematics},
  pages={213--223},
  year={2014},
  publisher={Springer}
}

@article{sebastiani2002machine,
  title={Machine learning in automated text categorization},
  author={Sebastiani, Fabrizio},
  journal={ACM computing surveys (CSUR)},
  volume={34},
  number={1},
  pages={1--47},
  year={2002},
  publisher={ACM}
}

@book{gliozzo2009semantic,
  title={Semantic domains in computational linguistics},
  author={Gliozzo, Alfio and Strapparava, Carlo},
  year={2009},
  publisher={Springer Science \& Business Media}
}

@TechReport{xmlnamespaces,
  author      = "Henry Thompson and Tim Bray and Dave Hollander and Andrew Layman and Richard Tobin",
  title       = "Namespaces in {XML} 1.0 (Third Edition)",
  month       = dec,
  note        = "http://www.w3.org/TR/2009/REC-xml-names-20091208/",
  howpublished = {\url{http://www.w3.org/TR/2009/REC-xml-names-20091208/}},
  year        = "2009",
  bibsource   = "http://w2.syronex.com/jmr/w3c-biblio",
  type        = "{W3C} Recommendation",
  institution = "W3C",
}

@article{mcguinness2004owl,
  title={OWL web ontology language overview},
  author={McGuinness, Deborah L and Van Harmelen, Frank and others},
  journal={W3C recommendation},
  volume={10},
  number={10},
  pages={2004},
  year={2004}
}

@book{gosling2014java,
  title={The Java 8® Language Specification, Java SE 8 Edition},
  author={Gosling, James and Joy, Bill and Steele, Guy and Bracha, Gilad and Buckley, Alex},
  year={2014},
  publisher={Addison-Wesley Professional}
}

@article{vassilyev1974theory,
  title={The theory of semantic fields: A survey},
  author={Vassilyev, LM},
  journal={Linguistics},
  volume={12},
  number={137},
  pages={79--94},
  year={1974}
}

@book{barwise2000language,
  title={Language, proof and logic},
  author={Barwise, Jon and Etchemendy, John and Allwein, Gerard and Barker-Plummer, Dave and Liu, Albert},
  year={2000},
  publisher={CSLI publications}
}


@phdthesis{wolska2013student,
  title={Student's Language in Computer-Assisted Tutoring of Mathematical Proofs},
  author={Wolska, Magdalena A},
  year={2013},
  school={PhD thesis. ComputerLinguistik, Saarland University}
}


@book{trzeciak1995writing,
  title={Writing mathematical papers in English: a practical guide},
  author={Trzeciak, Jerzy},
  year={1995},
  publisher={European Mathematical Society}
}

@inproceedings{quoc2010mining,
  title={Mining coreference relations between formulas and text using Wikipedia},
  author={Quoc, Minh Nghiem and Yokoi, Keisuke and Matsubayashi, Yuichiroh and Aizawa, Akiko},
  booktitle={23rd International Conference on Computational Linguistics},
  pages={69},
  year={2010}
}

@article{nghiem2012towards,
  title={Towards Mathematical Expression Understanding},
  author={Nghiem, Minh-Quoc and Yoko, Giovanni and Matsubayashi, Yuichiroh and Aizawa, Akiko},
  year={2012}
}

@article{santorini1990part,
  title={Part-of-speech tagging guidelines for the Penn Treebank Project (3rd revision)},
  author={Santorini, Beatrice},
  year={1990}
}

@inproceedings{manning2014stanford,
  title={The Stanford CoreNLP natural language processing toolkit},
  author={Manning, Christopher D and Surdeanu, Mihai and Bauer, John and Finkel, Jenny and Bethard, Steven J and McClosky, David},
  booktitle={Proceedings of 52nd Annual Meeting of the Association for Computational Linguistics: System Demonstrations},
  pages={55--60},
  year={2014}
}


@TechReport{mathml,
  author      = "David Carlisle and Robert R Miner and Patrick D F Ion",
  title       = "Mathematical Markup Language ({MathML}) Version 3.0 2nd Edition",
  month       = apr,
  note        = "http://www.w3.org/TR/2014/REC-MathML3-20140410/",
  howpublished = {\url{http://www.w3.org/TR/2014/REC-MathML3-20140410/}},
  year        = "2014",
  bibsource   = "http://w2.syronex.com/jmr/w3c-biblio",
  type        = "{W3C} Recommendation",
  institution = "W3C",
}

@article{evangelopoulos2012latent,
  title={Latent semantic analysis: five methodological recommendations},
  author={Evangelopoulos, Nicholas and Zhang, Xiaoni and Prybutok, Victor R},
  journal={European Journal of Information Systems},
  volume={21},
  number={1},
  pages={70--86},
  year={2012},
  publisher={Nature Publishing Group}
}

@article{landauer1998introduction,
  title={An introduction to latent semantic analysis},
  author={Landauer, Thomas K and Foltz, Peter W and Laham, Darrell},
  journal={Discourse processes},
  volume={25},
  number={2-3},
  pages={259--284},
  year={1998},
  publisher={Taylor \& Francis}
}
